@Comment{$ biblatex control file $}
<<<<<<< HEAD
@Comment{$ biblatex version 2.3 $}
=======
@Comment{$ biblatex version 2.5 $}
>>>>>>> ed1429211b1a3ba775706fb56bfa5d628e888867
Do not modify this file!

This is an auxiliary file used by the 'biblatex' package.
This file may safely be deleted. It will be recreated as
required.

@Control{biblatex-control,
<<<<<<< HEAD
  options = {2.3:0:0:1:0:0:1:1:0:0:0:0:1:1:2:1:79:+},
=======
  options = {2.5:0:0:1:0:0:1:1:0:0:0:0:1:1:2:1:79:+},
>>>>>>> ed1429211b1a3ba775706fb56bfa5d628e888867
}
